<?xml version="1.0" encoding="UTF-8"?><record xmlns="http://www.loc.gov/MARC21/slim" xmlns:cinclude="http://apache.org/cocoon/include/1.0" xmlns:zs="http://www.loc.gov/zing/srw/">
  <leader>00781cz  a2200181n  4500</leader>
  <controlfield tag="001">n  80038994 </controlfield>
  <controlfield tag="003">DLC</controlfield>
  <controlfield tag="005">20081105075430.0</controlfield>
  <controlfield tag="008">800507n| acannaabn          |b aaa      </controlfield>
  <datafield tag="010" ind1=" " ind2=" ">
    <subfield code="a">n  80038994 </subfield>
  </datafield>
  <datafield tag="035" ind1=" " ind2=" ">
    <subfield code="a">(OCoLC)oca00421079</subfield>
  </datafield>
  <datafield tag="040" ind1=" " ind2=" ">
    <subfield code="a">DLC</subfield>
    <subfield code="b">eng</subfield>
    <subfield code="c">DLC</subfield>
    <subfield code="d">OCoLC</subfield>
  </datafield>
  <datafield tag="100" ind1="1" ind2=" ">
    <subfield code="a">Takahashi, Ryōichi,</subfield>
    <subfield code="d">1936-</subfield>
  </datafield>
  <datafield tag="400" ind1="1" ind2=" ">
    <subfield code="a">高橋亮一,</subfield>
    <subfield code="d">1936-</subfield>
  </datafield>
  <datafield tag="667" ind1=" " ind2=" ">
    <subfield code="a">Machine-derived non-Latin script reference project.</subfield>
  </datafield>
  <datafield tag="667" ind1=" " ind2=" ">
    <subfield code="a">Non-Latin script reference not evaluated.</subfield>
  </datafield>
  <datafield tag="670" ind1=" " ind2=" ">
    <subfield code="a">Sōgō Kaihatsu Kenkyū Kikō.</subfield>
    <subfield code="b">Genshiryoku Chōki Senryaku Iinkai. Dai 3 Wākingu Gurūpu. Enerugī moderu kaihatsu no genjō to sono kinō, 1979 (a.e.) t.p. (Takahashi Ryōichi; asst. prof., Tōkyō Kōgyō Daigaku)</subfield>
  </datafield>
  <datafield tag="670" ind1=" " ind2=" ">
    <subfield code="a">Daigaku kenkyūsha, 1971</subfield>
    <subfield code="b">(Takahashi Ryōichi; b. 1/36)</subfield>
  </datafield>
</record>